@Misc{IZPACK-336,
note = {\url{http://jira.codehaus.org/browse/IZPACK-336}},
title = {Jira, bug IZPACK-336}
}
@Misc{IZPACK-309,
note = {\url{http://jira.codehaus.org/browse/IZPACK-309}},
title = {Jira, bug IZPACK-309}
}
@Misc{IZPACK-307,
note = {\url{http://jira.codehaus.org/browse/IZPACK-307}},
title = {Jira, bug IZPACK-307}
}
@Misc{IZPACK-306,
note = {\url{http://jira.codehaus.org/browse/IZPACK-306}},
title = {Jira, bug IZPACK-306}
}
@Misc{IZPACK-305,
note = {\url{http://jira.codehaus.org/browse/IZPACK-305}},
title = {Jira, bug IZPACK-305}
}
@Misc{IZPACK-303,
note = {\url{http://jira.codehaus.org/browse/IZPACK-303}},
title = {Jira, bug IZPACK-303}
}
@Misc{IZPACK-281,
note = {\url{http://jira.codehaus.org/browse/IZPACK-281}},
title = {Jira, bug IZPACK-281}
}
@Misc{IZPACK-224,
note = {\url{http://jira.codehaus.org/browse/IZPACK-224}},
title = {Jira, bug IZPACK-224}
}
@Misc{IZPACK-223,
note = {\url{http://jira.codehaus.org/browse/IZPACK-223}},
title = {Jira, bug IZPACK-223}
}
@Misc{IZPACK-176,
note = {\url{http://jira.codehaus.org/browse/IZPACK-176}},
title = {Jira, bug IZPACK-176}
}
